@misc{scratchapixel,
    title= "Global Illumination and Path Tracing", 
    howpublished = "\url{https://www.scratchapixel.com/lessons/3d-basic-rendering/global-illumination-path-tracing}",
    author= "Scratchapixel",
  	note = {Accessed: 2017-05-12}
}

@misc{randomPointSphere,
    title= "Sphere Point Picking", 
    howpublished = "From WolframMathWorld - \url{http://mathworld.wolfram.com/SpherePointPicking.html}",
    author= "Eric W. Weisstein",
  	note = {Accessed: 2017-05-10}
}

@conference{renderingEquation,
    date = "1986",
    title = "The rendering equation",
    author= "James T. Kajiya",
    booktitle = "ACM Siggraph Computer Graphics",
    volume = "20",
    pages = "143-150"
}

@misc{BDPT,
    date = "1993",
    title = "Bi-directional path tracing",
    author= "Eric P. Lafortune, Yves D. Willems",
    howpublished = "\url{http://graphics.cs.kuleuven.be/publications/BDPT/BDPT_paper.pdf}",
    note = {Accessed: 2017-05-04}
}

@conference{mollerTrumbore,
    date = "1997",
    title = "Fast, Minimum Storage Ray/Triangle Intersection",
    author= "T. MÃ¶ller and B. Trumbore",
    booktitle = "Journal of Graphics Tools",
}

